@book{Lengyel_pga-illuminated:2024,
  author    = {Eric Lengyel},
  publisher = {Terathon Software LLC},
  title     = {Projective Geometric Algebra Illuminated},
  year      = {2024}
}